@Article{alexakis,
  title =        "How far does turbulence spread?",
  volume =       "977",
  DOI =          "10.1017/jfm.2023.951",
  journal =      "Journal of Fluid Mechanics",
  author =       "Alexandros Alexakis",
  year =         "2023",
  pages =        "R1",
}

@Book{Batchelor2000,
  place =        "Cambridge",
  series =       "Cambridge Mathematical Library",
  title =        "An Introduction to Fluid Dynamics",
  publisher =    "Cambridge University Press",
  author =       "G. K. Batchelor",
  year =         "2000",
  collection =   "Cambridge Mathematical Library",
}

@Article{2dturbulence,
  author =       "Guido Boffetta and Robert E. Ecke",
  title =        "Two-Dimensional Turbulence",
  journal =      "Annual Review of Fluid Mechanics",
  year =         "2012",
  volume =       "44",
  number =       "Volume 44, 2012",
  pages =        "427--451",
  DOI =          "10.1146/annurev-fluid-120710-101240",
  URL =          "https://www.annualreviews.org/content/journals/10.1146/annurev-fluid-120710-101240",
  publisher =    "Annual Reviews",
  ISSN =         "1545-4479",
  type =         "Journal Article",
}

@Article{alexakisLONG,
  title =        "Cascades and transitions in turbulent flows",
  journal =      "Physics Reports",
  volume =       "767-769",
  pages =        "1--101",
  year =         "2018",
  note =         "Cascades and transitions in turbulent flows",
  ISSN =         "0370-1573",
  DOI =          "10.1016/j.physrep.2018.08.001",
  URL =          "https://www.sciencedirect.com/science/article/pii/S0370157318301935",
  author =       "A. Alexakis and L. Biferale",
}
