@article{alexakis,
  title={How far does turbulence spread?}, 
  volume={977},
  DOI={10.1017/jfm.2023.951}, 
  journal={Journal of Fluid Mechanics}, 
  author={Alexakis, Alexandros}, 
  year={2023}, 
  pages={R1}
}
